<record><leader>00000cas a22000007a 4500</leader><controlfield tag="001">24773055</controlfield><controlfield tag="008">911113d187u1879ncuwr ne      0    0eng d</controlfield><datafield ind1=" " ind2=" " tag="010"><subfield code="a">sn 91068727 </subfield></datafield><datafield ind1=" " ind2=" " tag="040"><subfield code="a">NVJ</subfield><subfield code="b">eng</subfield><subfield code="c">NVJ</subfield><subfield code="d">OCLCQ</subfield></datafield><datafield ind1="0" ind2="4" tag="245"><subfield code="a">The Pee Dee bee.</subfield></datafield><datafield ind1=" " ind2=" " tag="260"><subfield code="a">Rockingham, N.C. :</subfield><subfield code="b">Will F. Sandford</subfield></datafield><datafield ind1=" " ind2=" " tag="300"><subfield code="a">v.</subfield></datafield><datafield ind1=" " ind2=" " tag="310"><subfield code="a">Weekly</subfield></datafield><datafield ind1="1" ind2=" " tag="362"><subfield code="a">Ceased in 1879?</subfield></datafield><datafield ind1=" " ind2=" " tag="588"><subfield code="a">Description based on: Vol. 5, no. 23 (June 15, 1878).</subfield></datafield><datafield ind1=" " ind2=" " tag="752"><subfield code="a">United States</subfield><subfield code="b">North Carolina</subfield><subfield code="c">Richmond</subfield><subfield code="d">Rockingham.</subfield></datafield><datafield ind1="0" ind2="0" tag="780"><subfield code="t">Pee Dee courier</subfield><subfield code="w">(DLC)sn 85026796</subfield></datafield><datafield ind1="0" ind2="0" tag="785"><subfield code="t">Bee (Rockingham, N.C.)</subfield><subfield code="w">(DLC)sn 85042172</subfield></datafield></record>